<?xml version="1.0" encoding="UTF-8"?><collection xmlns="http://www.loc.gov/MARC21/slim"><record><leader>00514nam--2200181-i-4500</leader><controlfield tag="001">000046329</controlfield><controlfield tag="002">20161230</controlfield><controlfield tag="005">20161230201045</controlfield><controlfield tag="008">060222s1000------------r-----000-0-eng-d</controlfield><datafield ind1=" " ind2=" " tag="040"><subfield code="a">IFIN-HH</subfield></datafield><datafield ind1=" " ind2=" " tag="080"><subfield code="a">519.4:53</subfield></datafield><datafield ind1="1" ind2=" " tag="100"><subfield code="a">Bhagavantam, S</subfield></datafield><datafield ind1="1" ind2="0" tag="245"><subfield code="a">Theory of groups and its applicatiion to physical problems</subfield><subfield code="c">S. bhagavantam, t. venkatarayudu</subfield></datafield><datafield ind1=" " ind2=" " tag="260"><subfield code="a">New York</subfield><subfield code="b">Academic Press</subfield><subfield code="c">1969</subfield></datafield><datafield ind1=" " ind2=" " tag="300"><subfield code="a">XII + 279 P</subfield></datafield><datafield ind1="1" ind2=" " tag="700"><subfield code="a">Venkatarayudu,T</subfield></datafield><datafield ind1=" " ind2=" " tag="852"><subfield code="a">33068</subfield><subfield code="c">519.4/5</subfield></datafield><datafield ind1=" " ind2=" " tag="CAT"><subfield code="a">Sys</subfield><subfield code="c">20130812</subfield><subfield code="h">153957</subfield></datafield></record></collection>